@ARTICLE{Xu_2007,
	author = "Sanlin Xu and Kim Blackmore and Haley Jones",
	year = "2007",
	title = "An analysis framework for mobility metrics in mobile ad hoc networks",
	journal = "EURASIP Journal on Wireless Communications and Networking",
	volume = "2007",
	pages = {16},
}
